<record><leader>00000cas a22000007a 4500</leader><controlfield tag="001">36106850</controlfield><controlfield tag="008">961218d1917191uokuwr n       0    0eng d</controlfield><datafield ind1=" " ind2=" " tag="010"><subfield code="a">sn 96093293 </subfield></datafield><datafield ind1=" " ind2=" " tag="040"><subfield code="a">OBN</subfield><subfield code="b">eng</subfield><subfield code="c">OBN</subfield><subfield code="d">OCLCQ</subfield><subfield code="d">OCLCO</subfield></datafield><datafield ind1="1" ind2=" " tag="029"><subfield code="a">AU@</subfield><subfield code="b">000013030165</subfield></datafield><datafield ind1=" " ind2=" " tag="042"><subfield code="a">msc</subfield></datafield><datafield ind1="0" ind2=" " tag="130"><subfield code="a">Independent (Douthat, Okla.)</subfield></datafield><datafield ind1="0" ind2="4" tag="245"><subfield code="a">The independent.</subfield></datafield><datafield ind1="3" ind2=" " tag="246"><subfield code="a">Douthat independent</subfield></datafield><datafield ind1=" " ind2=" " tag="260"><subfield code="a">Douthat (Century), Ottawa County, Okla. :</subfield><subfield code="b">Samuel P. Watts</subfield></datafield><datafield ind1=" " ind2=" " tag="300"><subfield code="a">v.</subfield></datafield><datafield ind1=" " ind2=" " tag="310"><subfield code="a">Weekly</subfield></datafield><datafield ind1="0" ind2=" " tag="362"><subfield code="a">Vol. 1, no. 1 (July 5, 1917)-</subfield></datafield><datafield ind1=" " ind2="0" tag="651"><subfield code="a">Douthat (Okla.)</subfield><subfield code="v">Newspapers.</subfield></datafield><datafield ind1=" " ind2="0" tag="651"><subfield code="a">Ottawa County (Okla.)</subfield><subfield code="v">Newspapers.</subfield></datafield><datafield ind1=" " ind2=" " tag="752"><subfield code="a">United States</subfield><subfield code="b">Oklahoma</subfield><subfield code="c">Ottawa</subfield><subfield code="d">Douthat.</subfield></datafield></record>